<marcxml:record xmlns:xlink="http://www.w3.org/1999/xlink" xmlns:marcxml="http://www.loc.gov/MARC21/slim" xmlns:rdf="http://www.w3.org/1999/02/22-rdf-syntax-ns#" xmlns:madsrdf="http://www.loc.gov/mads/rdf/v1#" xmlns:ri="http://id.loc.gov/ontologies/RecordInfo#" xmlns:xsi="http://www.w3.org/2001/XMLSchema-instance" xmlns:mets="http://www.loc.gov/METS/" xmlns:idx="info:lc/xq-modules/lcindex" xmlns:bfidx="info:lc/xq-modules/bfidx" xmlns:semtriples="http://marklogic.com/semantic" xmlns:bf="http://id.loc.gov/ontologies/bibframe/" xmlns:bflc="http://id.loc.gov/ontologies/bflc/" xmlns:bfsimple="http://id.loc.gov/ontologies/bfsimple/" xmlns:dcterms="http://purl.org/dc/terms/"><marcxml:leader>01954cam a2200433 i 4500</marcxml:leader><marcxml:controlfield tag="001">21451813</marcxml:controlfield><marcxml:controlfield tag="005">20210812114309.0</marcxml:controlfield><marcxml:controlfield tag="008">200212s2019    bn a     b    001 0 bos  </marcxml:controlfield><marcxml:datafield ind1=" " ind2=" " tag="906"><marcxml:subfield code="a">0</marcxml:subfield><marcxml:subfield code="b">cbc</marcxml:subfield><marcxml:subfield code="c">origres</marcxml:subfield><marcxml:subfield code="d">3</marcxml:subfield><marcxml:subfield code="e">ncip</marcxml:subfield><marcxml:subfield code="f">20</marcxml:subfield><marcxml:subfield code="g">y-gencatlg</marcxml:subfield></marcxml:datafield><marcxml:datafield ind1="0" ind2=" " tag="925"><marcxml:subfield code="a">acquire</marcxml:subfield><marcxml:subfield code="b">1 shelf copy</marcxml:subfield><marcxml:subfield code="x">policy default</marcxml:subfield></marcxml:datafield><marcxml:datafield ind1=" " ind2=" " tag="955"><marcxml:subfield code="a">ve38 2020-02-28</marcxml:subfield><marcxml:subfield code="a">fd50 2020-09-28 to GS/SEE</marcxml:subfield></marcxml:datafield><marcxml:datafield ind1=" " ind2=" " tag="955"><marcxml:subfield code="b">fg23 2021-08-12 z-processor</marcxml:subfield><marcxml:subfield code="i">fg23 2021-08-12 TW Situational ADDED 100 AUTHORITY</marcxml:subfield></marcxml:datafield><marcxml:datafield ind1=" " ind2=" " tag="010"><marcxml:subfield code="a">  2020441112</marcxml:subfield></marcxml:datafield><marcxml:datafield ind1=" " ind2=" " tag="020"><marcxml:subfield code="a">9789926805746</marcxml:subfield><marcxml:subfield code="q">(Društvo historičara)</marcxml:subfield></marcxml:datafield><marcxml:datafield ind1=" " ind2=" " tag="020"><marcxml:subfield code="a">9789926839109</marcxml:subfield><marcxml:subfield code="q">(Akademija društveno-humanističkih nauka)</marcxml:subfield></marcxml:datafield><marcxml:datafield ind1=" " ind2=" " tag="020"><marcxml:subfield code="a">9926805744</marcxml:subfield></marcxml:datafield><marcxml:datafield ind1=" " ind2=" " tag="020"><marcxml:subfield code="a">992683910X</marcxml:subfield></marcxml:datafield><marcxml:datafield ind1=" " ind2=" " tag="040"><marcxml:subfield code="a">DLC</marcxml:subfield><marcxml:subfield code="b">eng</marcxml:subfield><marcxml:subfield code="e">rda</marcxml:subfield><marcxml:subfield code="c">DLC</marcxml:subfield></marcxml:datafield><marcxml:datafield ind1="0" ind2=" " tag="041"><marcxml:subfield code="a">bos</marcxml:subfield><marcxml:subfield code="b">eng</marcxml:subfield></marcxml:datafield><marcxml:datafield ind1=" " ind2=" " tag="042"><marcxml:subfield code="a">pcc</marcxml:subfield></marcxml:datafield><marcxml:datafield ind1=" " ind2=" " tag="043"><marcxml:subfield code="a">e-bn---</marcxml:subfield></marcxml:datafield><marcxml:datafield ind1="0" ind2="0" tag="050"><marcxml:subfield code="a">DR1736</marcxml:subfield><marcxml:subfield code="b">.U95 2019</marcxml:subfield></marcxml:datafield><marcxml:datafield ind1="1" ind2=" " tag="100"><marcxml:subfield code="a">Užičanin, Salkan,</marcxml:subfield><marcxml:subfield code="d">1972-</marcxml:subfield><marcxml:subfield code="e">author.</marcxml:subfield></marcxml:datafield><marcxml:datafield ind1="1" ind2="0" tag="245"><marcxml:subfield code="a">Nacija i teror :</marcxml:subfield><marcxml:subfield code="b">djelatnost nacionalističkih organizacija u Bosni i Hercegovini (1921-1929) = Nation and terror : activity of nationalistic organizations in Bosnia and Herzegovina (1921-1929) /</marcxml:subfield><marcxml:subfield code="c">Salkan Užičanin.</marcxml:subfield></marcxml:datafield><marcxml:datafield ind1="3" ind2="1" tag="246"><marcxml:subfield code="a">Nation and terror :</marcxml:subfield><marcxml:subfield code="b">activity of nationalistic organizations in Bosnia and Herzegovina (1921-1929)</marcxml:subfield></marcxml:datafield><marcxml:datafield ind1=" " ind2="1" tag="264"><marcxml:subfield code="a">Tuzla :</marcxml:subfield><marcxml:subfield code="b">Društvo historičara Tuzla :</marcxml:subfield><marcxml:subfield code="b">Akademija društveno-humanističkih nauka Tuzla,</marcxml:subfield><marcxml:subfield code="c">2019.</marcxml:subfield></marcxml:datafield><marcxml:datafield ind1=" " ind2=" " tag="300"><marcxml:subfield code="a">581 pages :</marcxml:subfield><marcxml:subfield code="b">illustrations ;</marcxml:subfield><marcxml:subfield code="c">25 cm</marcxml:subfield></marcxml:datafield><marcxml:datafield ind1=" " ind2=" " tag="336"><marcxml:subfield code="a">text</marcxml:subfield><marcxml:subfield code="b">txt</marcxml:subfield><marcxml:subfield code="2">rdacontent</marcxml:subfield></marcxml:datafield><marcxml:datafield ind1=" " ind2=" " tag="337"><marcxml:subfield code="a">unmediated</marcxml:subfield><marcxml:subfield code="b">n</marcxml:subfield><marcxml:subfield code="2">rdamedia</marcxml:subfield></marcxml:datafield><marcxml:datafield ind1=" " ind2=" " tag="338"><marcxml:subfield code="a">volume</marcxml:subfield><marcxml:subfield code="b">nc</marcxml:subfield><marcxml:subfield code="2">rdacarrier</marcxml:subfield></marcxml:datafield><marcxml:datafield ind1=" " ind2=" " tag="504"><marcxml:subfield code="a">Includes bibliographical references (pages 539-548) and index.</marcxml:subfield></marcxml:datafield><marcxml:datafield ind1=" " ind2=" " tag="546"><marcxml:subfield code="a">In Bosnian, with summary in English.</marcxml:subfield></marcxml:datafield><marcxml:datafield ind1=" " ind2="0" tag="651"><marcxml:subfield code="a">Bosnia and Herzegovina</marcxml:subfield><marcxml:subfield code="x">Politics and government</marcxml:subfield><marcxml:subfield code="y">20th century.</marcxml:subfield></marcxml:datafield><marcxml:datafield ind1=" " ind2="0" tag="650"><marcxml:subfield code="a">Nationalism</marcxml:subfield><marcxml:subfield code="z">Bosnia and Herzegovina</marcxml:subfield><marcxml:subfield code="x">History</marcxml:subfield><marcxml:subfield code="y">20th century.</marcxml:subfield></marcxml:datafield><marcxml:datafield ind1=" " ind2="0" tag="650"><marcxml:subfield code="a">Terrorism</marcxml:subfield><marcxml:subfield code="z">Bosnia and Herzegovina</marcxml:subfield><marcxml:subfield code="x">History</marcxml:subfield><marcxml:subfield code="y">20th century.</marcxml:subfield></marcxml:datafield><marcxml:datafield ind1="2" ind2="0" tag="610"><marcxml:subfield code="a">Orjuna.</marcxml:subfield></marcxml:datafield><marcxml:datafield ind1=" " ind2=" " tag="923"><marcxml:subfield code="d">20200214</marcxml:subfield><marcxml:subfield code="n">031/20</marcxml:subfield><marcxml:subfield code="s">BA-SaUP</marcxml:subfield></marcxml:datafield><marcxml:datafield ind1=" " ind2=" " tag="985"><marcxml:subfield code="e">VENDOR LOAD</marcxml:subfield></marcxml:datafield><marcxml:datafield ind1=" " ind2=" " tag="985"><marcxml:subfield code="e">BibframePilot2</marcxml:subfield><marcxml:subfield code="d">2021-08-12</marcxml:subfield><marcxml:subfield code="f">fg23 2021-08-12</marcxml:subfield></marcxml:datafield></marcxml:record>
